
@article{shim2006age,
  title={An age-structured epidemic model of rotavirus with vaccination},
  author={Shim, E and Feng, Z and Martcheva, M and Castillo-Chavez, C},
  journal={Journal of mathematical biology},
  volume={53},
  number={4},
  pages={719--746},
  year={2006},
  publisher={Springer}
}


@article{liu2015stability,
  title={Stability results for an age-structured SIS epidemic model with vector population},
  author={Liu, He-Long and Yu, Jing-Yuan and Zhu, Guang-Tian},
  journal={Journal of Applied Mathematics},
  volume={2015},
  year={2015},
  publisher={Hindawi Publishing Corporation}
}

@article{alexanderian2011age,
  title={An age-structured model for the spread of epidemic cholera: Analysis and simulation},
  author={Alexanderian, Alen and Gobbert, Matthias K and Fister, K Renee and Gaff, Holly and Lenhart, Suzanne and Schaefer, Elsa},
  journal={Nonlinear Analysis: Real World Applications},
  volume={12},
  number={6},
  pages={3483--3498},
  year={2011},
  publisher={Elsevier}
}

@incollection{li2008continuous,
  title={Continuous-time age-structured models in population dynamics and epidemiology},
  author={Li, Jia and Brauer, Fred},
  booktitle={Mathematical Epidemiology},
  pages={205--227},
  year={2008},
  publisher={Springer}
}

@incollection{castillo2002age,
  title={Age-structured core group model and its impact on STD dynamics},
  author={Castillo-Chavez, Carlos and Huang, Wenzhang},
  booktitle={Mathematical Approaches for Emerging and Reemerging Infectious Diseases: Models, Methods, and Theory},
  pages={261--273},
  year={2002},
  publisher={Springer}
}
